@article{kramer1991nonlinear,
  title={Nonlinear principal component analysis using autoassociative neural networks},
  author={Kramer, Mark A},
  journal={AIChE journal},
  volume={37},
  number={2},
  pages={233--243},
  year={1991},
  publisher={Wiley Online Library}
}


@article{fccGAN,
  author    = {Sukarna Barua and
               Sarah Monazam Erfani and
               James Bailey},
  title     = {{FCC-GAN:} {A} Fully Connected and Convolutional Net Architecture
               for GANs},
  journal   = {CoRR},
  volume    = {abs/1905.02417},
  year      = {2019},
  url       = {http://arxiv.org/abs/1905.02417},
  archivePrefix = {arXiv},
  eprint    = {1905.02417},
  timestamp = {Tue, 28 May 2019 07:52:22 +0200},
  biburl    = {https://dblp.org/rec/journals/corr/abs-1905-02417.bib},
  bibsource = {dblp computer science bibliography, https://dblp.org}
}


@misc{vae,
      title={Auto-Encoding Variational Bayes}, 
      author={Diederik P Kingma and Max Welling},
      year={2014},
      eprint={1312.6114},
      archivePrefix={arXiv},
      primaryClass={stat.ML}
}


@misc{infovae,
      title={InfoVAE: Information Maximizing Variational Autoencoders}, 
      author={Shengjia Zhao and Jiaming Song and Stefano Ermon},
      year={2018},
      eprint={1706.02262},
      archivePrefix={arXiv},
      primaryClass={cs.LG}
}


@misc{ResNet,
      title={Deep Residual Learning for Image Recognition}, 
      author={Kaiming He and Xiangyu Zhang and Shaoqing Ren and Jian Sun},
      year={2015},
      eprint={1512.03385},
      archivePrefix={arXiv},
      primaryClass={cs.CV}
}

@misc{fixRecon,
      title={Cyclical Annealing Schedule: A Simple Approach to Mitigating KL Vanishing}, 
      author={Hao Fu and Chunyuan Li and Xiaodong Liu and Jianfeng Gao and Asli Celikyilmaz and Lawrence Carin},
      year={2019},
      eprint={1903.10145},
      archivePrefix={arXiv},
      primaryClass={cs.LG}
}